/home/harold/Projets/Bibliographies/zotero/art_martial.bib