
@misc{ardamhe:tetraptyque,
  title = {{L’art de combattre de maître Johannes Liechtenauer}},
  url = {http://ardamhe.free.fr/biblio/Tetraptyque.pdf},
  author = {Ringeck, Sigmund and von Danzig, Peter and Lew, Juden and Speyer, Hans von},
  translator = {Hagedorn, Dierk and Koll, Beatrix and Ardamhe}
}

@misc{farrell:ringeck,
  title = {{Codex Ringeck (MS Dresden  C.487)}},
  url = {http://www.historical-academy.co.uk/files/research/keith-farrell/Ringeck\%20Longsword\%20DE-EN.pdf},
  author = {Ringeck, Sigmund},
  translator = {Engström, Andreas and Farrell, Keith},
  langid = {english}
}

@inproceedings{boorman:hemac:applied_combatives:2014,
  title = {{Applied combatives}},
  eventtitle = {{HEMAC – Dijon 2014}},
  publisher = {{De taille et d'estoc}},
  author = {Boorman, Devon},
  editor = {nnn},
  editorb = {Testa},
  editorbtype = {redactor},
  date = {2014-05}
}

@inproceedings{livermore:cornucopia:partizan:2014,
  title = {{Renaissance partizan}},
  booktitle = {{Cornucopia – Burgundy 2014}},
  publisher = {{HEMA Team Blacksheep}},
  author = {Livermore, George},
  date = {2014-09}
}

@inproceedings{kohlweiss:hemac:ringen:2014,
  title = {{Ringen am Schwert}},
  booktitle = {{HEMAC – Dijon 2014}},
  publisher = {{De taille et d'estoc}},
  author = {Kohlweiss, Ingulf},
  date = {2014-05}
}


