/home/harold/Projets/Bibliographies/zotero/escrime.bib